<?xml version="1.0" encoding="UTF-8"?><collection xmlns="http://www.loc.gov/MARC21/slim"><record><leader>00441nam--2200157-i-4500</leader><controlfield tag="001">000008740</controlfield><controlfield tag="002">20161230</controlfield><controlfield tag="005">20170224010358</controlfield><controlfield tag="008">060222s1000------------r-----000-0-eng-d</controlfield><datafield ind1=" " ind2=" " tag="100"><subfield code="a">Collins, Royal Eugene</subfield></datafield><datafield ind1=" " ind2=" " tag="245"><subfield code="a">Mathematical methods for physicists and engineers</subfield></datafield><datafield ind1=" " ind2=" " tag="260"><subfield code="a">New York</subfield><subfield code="b">Reinhold Book Corp</subfield><subfield code="c">1968</subfield></datafield><datafield ind1=" " ind2=" " tag="300"><subfield code="a">385 p</subfield></datafield><datafield ind1=" " ind2=" " tag="490"><subfield code="a">Reinhold Physics Textbook Series</subfield></datafield><datafield ind1=" " ind2=" " tag="852"><subfield code="a">51:530.1:62</subfield></datafield><datafield ind1=" " ind2=" " tag="CAT"><subfield code="a">SYS</subfield><subfield code="c">20170224</subfield><subfield code="h">010358</subfield></datafield></record></collection>